@book{tanenbaum:2010,
   author = {Tanenbaum, Andrew S. and Wetherall, David J.},
   title = {Computer Networks},
   year = {2010},
   isbn = {0132126958, 9780132126953},
   edition = {5th},
   publisher = {Prentice Hall Press},
   address = {Upper Saddle River, NJ, USA},
}, 

@techreport{nistcloudcomputing,
	author = {Mell, Peter M. and Grance, Timothy},
	title = {SP 800-145. The NIST Definition of Cloud Computing},
	year = {2011},
	publisher = {National Institute of Standards \& Technology},
	address = {Gaithersburg, MD, United States},
},

@inproceedings{youngee:2011:avt,
	author = {Younge, Andrew J. and Henschel, Robert and Brown, James T. and von Laszewski, Gregor and Qiu, Judy and Fox, Geoffrey C.},
	title = {Analysis of Virtualization Technologies for High Performance Computing Environments},
	booktitle = {Proceedings of the 2011 IEEE 4th International Conference on Cloud Computing},
	series = {CLOUD '11},
	year = {2011},
	isbn = {978-0-7695-4460-1},
	pages = {9--16},
	numpages = {8},
	url = {http://dx.doi.org/10.1109/CLOUD.2011.29},
	doi = {10.1109/CLOUD.2011.29},
	acmid = {2055572},
	publisher = {IEEE Computer Society},
	address = {Washington, DC, USA},
}, 

@misc{openstack:about,
	title = {{What} {Is}: {OpenStack}},
	url = {https://www.openstack.org/software},
	author = {{The OpenStack project}},
	month = aug,
	year = {2017},
},

@ARTICLE{Khazaei:2012:performanceanalysis, 
	author={H. Khazaei and J. Misic and V. B. Misic}, 
	journal={IEEE Transactions on Parallel and Distributed Systems}, 
	title={Performance Analysis of Cloud Computing Centers Using M/G/m/m+r Queuing Systems}, 
	year={2012}, 
	volume={23}, 
	number={5}, 
	pages={936-943}, 
	keywords={approximation theory;cloud computing;performance evaluation;queueing theory;statistical distributions;M/G/m/m+r queuing system;approximate analytical model;blocking probability;cloud computing center;cloud computing paradigm;cloud server farm;input buffer size;performance analysis;performance evaluation;performance indicator;probability distribution;request response time;user request diversity;Approximation methods;Cloud computing;Equations;Markov processes;Servers;Steady-state;Time factors;Cloud computing;embedded Markov chain.;performance analysis;queuing theory;response time;semi-Markov process}, 
	doi={10.1109/TPDS.2011.199}, 
	ISSN={1045-9219}, 
	month={May},},

@INPROCEEDINGS{Litvinski:2013:openstackmodules, 
	author={O. Litvinski and A. Gherbi}, 
	booktitle={16th IEEE International Symposium on Object/component/service-oriented Real-time distributed Computing (ISORC 2013)}, 
	title={Openstack scheduler evaluation using design of experiment approach}, 
	year={2013}, 
	pages={1-7},  
	doi={10.1109/ISORC.2013.6913212}, 
	ISSN={1555-0885}, 
	month={June},
	address = {Paderborn, Germany},
	publisher={{IEEE}},
},

@book{Krutz:2010:cloudsecurity,
	author = {Krutz, Ronald L. and Vines, Russell Dean},
	title = {Cloud Security: A Comprehensive Guide to Secure Cloud Computing},
	year = {2010},
	isbn = {0470589876, 9780470589878},
	publisher = {Wiley Publishing},
	address = {10475 Crosspoint Boulevard, Indianapolis},
},

@inproceedings{Wang:2010:ec2networkperformance,
	author = {Wang, Guohui and Ng, T. S. Eugene},
	title = {The Impact of Virtualization on Network Performance of Amazon EC2 Data Center},
	booktitle = {Proceedings of the 29th Conference on Information Communications},
	series = {INFOCOM'10},
	year = {2010},
	isbn = {978-1-4244-5836-3},
	location = {San Diego, California, USA},
	pages = {1163--1171},
	numpages = {9},
	url = {http://dl.acm.org/citation.cfm?id=1833515.1833691},
	acmid = {1833691},
	publisher = {IEEE Press},
	address = {Piscataway, NJ, USA},
	keywords = {cloud service, measurement, networking performance, virtualization},
},

@INPROCEEDINGS{venzano:2013:trafficprivatecloud, 
	author={D. Venzano and P. Michiardi}, 
	booktitle={2013 IEEE/ACM 6th International Conference on Utility and Cloud Computing}, 
	title={A Measurement Study of Data-Intensive Network Traffic Patterns in a Private Cloud}, 
	year={2013}, 
	pages={476-481},
	doi={10.1109/UCC.2013.93}, 
	month={Dec},
	address = {Dresden, Germany},
	publisher={{IEEE}},
},

@INPROCEEDINGS{zhang:2014:virtualizationtrafficanalysis, 
	author={H. Zhang and J. Rhee and N. Arora and Q. Xu and C. Lumezanu and G. Jiang}, 
	booktitle={10th International Conference on Network and Service Management (CNSM) and Workshop}, 
	title={An analytics approach to traffic analysis in network virtualization}, 
	year={2014}, 
	pages={316-319},
	doi={10.1109/CNSM.2014.7014183}, 
	ISSN={2165-9605}, 
	month={Nov},
	address = {{IEEE}},
	publisher={Rio de Janeiro, Brazil},
},

@INPROCEEDINGS{Sciammarella:2016:controltraffic, 
	author={T. Sciammarella and R. S. Couto and M. G. Rubinstein and M. E. M. Campista and L. H. M. K. Costa}, 
	booktitle={2016 5th IEEE International Conference on Cloud Networking (Cloudnet)}, 
	title={Analysis of Control Traffic in a Geo-Distributed Collaborative Cloud}, 
	year={2016}, 
	pages={224-229}, 
	doi={10.1109/CloudNet.2016.14}, 
	month={Oct},
	address = {{IEEE}},
	publisher={Pisa, Italy},
},

@article{arlitt:1996:web,
	title={Web server workload characterization: The search for invariants},
	author={Arlitt, Martin F and Williamson, Carey L},
	journal={ACM SIGMETRICS Performance Evaluation Review},
	volume={24},
	number={1},
	pages={126--137},
	year={1996},
	publisher={ACM}
},

@article{braun:1995:web,
	title={Web traffic characterization: an assessment of the impact of caching documents from NCSA's web server},
	author={Braun, Hans-Werner and Claffy, Kimberly C},
	journal={Computer Networks and ISDN systems},
	volume={28},
	number={1},
	pages={37--51},
	year={1995},
	publisher={Elsevier}
},

@inproceedings{gill:2007:youtube,
	author = {Gill, Phillipa and Arlitt, Martin and Li, Zongpeng and Mahanti, Anirban},
	title = {Youtube Traffic Characterization: A View from the Edge},
	booktitle = {Proceedings of the 7th ACM SIGCOMM Conference on Internet Measurement},
	series = {IMC '07},
	year = {2007},
	isbn = {978-1-59593-908-1},
	location = {San Diego, California, USA},
	pages = {15--28},
	numpages = {14},
	url = {http://doi.acm.org/10.1145/1298306.1298310},
	doi = {10.1145/1298306.1298310},
	acmid = {1298310},
	publisher = {ACM},
	address = {New York, NY, USA},
	keywords = {characterization, multimedia, web 2.0, youtube},
}

@INPROCEEDINGS{Mehaseb:2013:wsnlte, 
	author={M. A. Mehaseb and Y. Gadallah and H. El-Hennawy}, 
	booktitle={2013 IEEE 9th International Conference on Mobile Ad-hoc and Sensor Networks}, 
	title={WSN Application Traffic Characterization for Integration within the Internet of Things}, 
	year={2013}, 
	pages={318-323}, 
	doi={10.1109/MSN.2013.20}, 
	month={Dec},
	publisher = {{IEEE}},
	address = {Dalian, China},
},

@inproceedings{Huang:2012:screentraffic,
	author = {Huang, Junxian and Qian, Feng and Mao, Z. Morley and Sen, Subhabrata and Spatscheck, Oliver},
	title = {Screen-off Traffic Characterization and Optimization in 3G/4G Networks},
	booktitle = {Proceedings of the 2012 Internet Measurement Conference},
	series = {IMC '12},
	year = {2012},
	isbn = {978-1-4503-1705-4},
	location = {Boston, Massachusetts, USA},
	pages = {357--364},
	numpages = {8},
	url = {http://doi.acm.org/10.1145/2398776.2398813},
	doi = {10.1145/2398776.2398813},
	acmid = {2398813},
	publisher = {ACM},
	address = {New York, NY, USA},
	keywords = {batching, cellular network, fast dormancy, lte, radio resource optimization, screen-off traffic, traffic optimization},
},

@INPROCEEDINGS{callegati:2014:openstackVirtualization, 
	author={F. Callegati and W. Cerroni and C. Contoli and G. Santandrea}, 
	booktitle={2014 IEEE 3rd International Conference on Cloud Networking (CloudNet)}, 
	title={Performance of Network Virtualization in cloud computing infrastructures: The OpenStack case}, 
	year={2014}, 
	pages={132-137}, 
	keywords={cloud computing;virtualisation;OpenStack platform;cloud computing infrastructure;cloud infrastructure;cloud infrastructure management platform;multitenant network virtualization;network function virtualization;networking environment;packet throughput;software defined networking;Bridges;IP networks;Linux;Neutrons;Servers;Throughput;Virtualization;Cloud computing infrastructures;Linux bridge;Open vSwitch;OpenStack;network virtualization}, 
	doi={10.1109/CloudNet.2014.6968981}, 
	month={Oct},
	publisher={IEEE},
	address={Luxembourg, Luxembourg},
},

@INPROCEEDINGS{dainotti:2006:packetcharacterization, 
	author={A. Dainotti and A. Pescape and G. Ventre}, 
	booktitle={2006 11th International Workshop on Computer-Aided Modeling, Analysis and Design of Communication Links and Networks}, 
	title={A packet-level characterization of network traffic}, 
	year={2006}, 
	pages={38-45}, 
	keywords={hypermedia;telecommunication computing;telecommunication traffic;transport protocols;wide area networks;HTTP;high-speed access links;network traffic;packet-level traffic characterization;software architecture;transport control protocols;wide area networks;Application software;Character generation;Current measurement;IP networks;Performance evaluation;Protocols;Software architecture;Telecommunication traffic;Traffic control;Wide area networks}, 
	doi={10.1109/CAMAD.2006.1649716}, 
	ISSN={2378-4865}, 
	month={},
	address={Trento, Italy},
	publisher={IEEE}
},

@article {khalife:2014:taxonomy,
	author = {Khalife, Jawad and Hajjar, Amjad and Diaz-Verdejo, Jesus},
	title = {A multilevel taxonomy and requirements for an optimal traffic-classification model},
	journal = {International Journal of Network Management},
	volume = {24},
	number = {2},
	issn = {1099-1190},
	url = {http://dx.doi.org/10.1002/nem.1855},
	doi = {10.1002/nem.1855},
	pages = {101--120},
	year = {2014},
	note = {NEM-13-0061.R1},
},

@ARTICLE{callado:2009:survey, 
	author={A. Callado and C. Kamienski and G. Szabo and B. P. Gero and J. Kelner and S. Fernandes and D. Sadok}, 
	journal={IEEE Communications Surveys Tutorials}, 
	title={A Survey on Internet Traffic Identification}, 
	year={2009}, 
	volume={11}, 
	number={3}, 
	pages={37-52}, 
	keywords={Internet;telecommunication traffic;ISP;Internet service provider;Internet traffic identification;bandwidth-hungry applications;flow-based traffic analysis;packet-based traffic analysis;Area measurement;Availability;IP networks;Loss measurement;Peer to peer computing;Performance analysis;Sampling methods;Telecommunication traffic;Video sharing;Web and internet services;Measurement, Application Identification, Traffic Analysis, Classification}, 
	doi={10.1109/SURV.2009.090304}, 
	ISSN={1553-877X}, 
	month={rd},
	publisher={IEEE},
	address={{}}
},

@article{Karagiannis:2005:Blinc,
	author = {Karagiannis, Thomas and Papagiannaki, Konstantina and Faloutsos, Michalis},
	title = {BLINC: Multilevel Traffic Classification in the Dark},
	journal = {SIGCOMM Comput. Commun. Rev.},
	issue_date = {October 2005},
	volume = {35},
	number = {4},
	month = aug,
	year = {2005},
	issn = {0146-4833},
	pages = {229--240},
	numpages = {12},
	url = {http://doi.acm.org/10.1145/1090191.1080119},
	doi = {10.1145/1090191.1080119},
	acmid = {1080119},
	publisher = {ACM},
	address = {New York, NY, USA},
	keywords = {host behavior, traffic classification, transport layer},
},

@ARTICLE{park:2011:finegrained, 
	author={B. Park and J. W. K. Hong and Y. J. Won}, 
	journal={IEEE Communications Magazine}, 
	title={Toward fine-grained traffic classification}, 
	year={2011}, 
	volume={49}, 
	number={7}, 
	pages={104-111}, 
	keywords={data communication;information retrieval;peer-to-peer computing;telecommunication traffic;data communication network;document retrieval technique;fine-grained traffic classification scheme;peer-to-peer application traffic;Communication system traffic;Electric breakdown;Internet;Payloads;Telecommunication network topology;Telecommunication traffic}, 
	doi={10.1109/MCOM.2011.5936162}, 
	ISSN={0163-6804}, 
	month={July},
	publisher={IEEE},
	address={{}}
},

@INPROCEEDINGS{edward:2009:motif, 
	author={E. G. Allan Jr. and W. H. Turkett and E. W. Fulp}, 
	booktitle={GLOBECOM 2009 - 2009 IEEE Global Telecommunications Conference}, 
	title={Using Network Motifs to Identify Application Protocols}, 
	year={2009}, 
	pages={1-7}, 
	doi={10.1109/GLOCOM.2009.5425781}, 
	ISSN={1930-529X}, 
	month={Nov},
    publisher={IEEE},
    address={{Honolulu, HI, USA}}
},

@ARTICLE{nguyen:2008:machinelearningsurvey, 
	author={T. T. T. Nguyen and G. Armitage}, 
	journal={IEEE Communications Surveys Tutorials}, 
	title={A survey of techniques for internet traffic classification using machine learning}, 
	year={2008}, 
	volume={10}, 
	number={4}, 
	pages={56-76}, 
	keywords={Government;Inspection;Internet;Intrusion detection;Machine learning;Payloads;Protocols;TCPIP;Telecommunication traffic;Telephony;Flow clustering;Internet Protocol;Machine Learning;Payload inspection;Real Time;Statistical traffic properties;Traffic classification}, 
	doi={10.1109/SURV.2008.080406}, 
	ISSN={1553-877X}, 
	month={Fourth},
},

@article{xu:2005:backboneprofiling,
	author = {Xu, Kuai and Zhang, Zhi-Li and Bhattacharyya, Supratik},
	title = {Profiling Internet Backbone Traffic: Behavior Models and Applications},
	journal = {SIGCOMM Comput. Commun. Rev.},
	issue_date = {October 2005},
	volume = {35},
	number = {4},
	month = aug,
	year = {2005},
	issn = {0146-4833},
	pages = {169--180},
	numpages = {12},
	url = {http://doi.acm.org/10.1145/1090191.1080112},
	doi = {10.1145/1090191.1080112},
	acmid = {1080112},
	publisher = {ACM},
	address = {New York, NY, USA},
	keywords = {behavior profiles, network monitoring, traffic measurement},
},

@article{williams:2006:machinelearningcomparison,
	author = {Williams, Nigel and Zander, Sebastian and Armitage, Grenville},
	title = {A Preliminary Performance Comparison of Five Machine Learning Algorithms for Practical IP Traffic Flow Classification},
	journal = {SIGCOMM Comput. Commun. Rev.},
	issue_date = {October 2006},
	volume = {36},
	number = {5},
	month = oct,
	year = {2006},
	issn = {0146-4833},
	pages = {5--16},
	numpages = {12},
	url = {http://doi.acm.org/10.1145/1163593.1163596},
	doi = {10.1145/1163593.1163596},
	acmid = {1163596},
	publisher = {ACM},
	address = {New York, NY, USA},
	keywords = {machine learning, traffic classification},
},

@ARTICLE{dharmapurikar:2003:bloomfilters, 
  author={Sarang Dharmapurikar and Praveen Krishnamurthy and T. S. Sproull and J. W. Lockwood}, 
  journal={IEEE Micro}, 
  title={Deep packet inspection using parallel bloom filters}, 
  year={2004}, 
  volume={24}, 
  number={1}, 
  pages={52-61}, 
  doi={10.1109/MM.2004.1268997}, 
  ISSN={0272-1732}, 
  month={Jan},
},

@misc{openstack:newton,
	title= {{OpenStack Newton: Installation overview}},
	url={https://docs.openstack.org/newton},
	author={{The OpenStack project}},
	month=jun,
	year={2017}
},

@article{corradi:2014:openstackConsolidation,
	author = {Corradi, Antonio and Fanelli, Mario and Foschini, Luca},
	title = {VM Consolidation: A Real Case Based on OpenStack Cloud},
	journal = {Future Gener. Comput. Syst.},
	issue_date = {March, 2014},
	volume = {32},
	month = mar,
	year = {2014},
	issn = {0167-739X},
	pages = {118--127},
	numpages = {10},
	url = {https://doi.org/10.1016/j.future.2012.05.012},
	doi = {10.1016/j.future.2012.05.012},
	acmid = {2565426},
	publisher = {Elsevier Science Publishers B. V.},
	address = {Amsterdam, The Netherlands, The Netherlands},
	keywords = {Cloud computing, OpenStack, VM consolidation},
},

@inproceedings{karagiannis:2004:p2p,
	author = {Karagiannis, Thomas and Broido, Andre and Faloutsos, Michalis and claffy, Kc},
	title = {Transport Layer Identification of P2P Traffic},
	booktitle = {Proceedings of the 4th ACM SIGCOMM Conference on Internet Measurement},
	series = {IMC '04},
	year = {2004},
	isbn = {1-58113-821-0},
	location = {Taormina, Sicily, Italy},
	pages = {121--134},
	numpages = {14},
	url = {http://doi.acm.org/10.1145/1028788.1028804},
	doi = {10.1145/1028788.1028804},
	acmid = {1028804},
	publisher = {ACM},
	address = {New York, NY, USA},
	keywords = {measurements, peer-to-peer, traffic classification},
}, 

@masterthesis{vilela:2006:caracterizacao,
	author = {Guilherme S. Vilela},
	title = {Caracterização de Tráfego Utilizando Classificação de Fluxos de Comunicação},
	school = {Universidade Federal do Rio de Janeiro / COPPE},
	year = {2006}
},

@article{williamson:2001:internet,
	title={Internet traffic measurement},
	author={Williamson, Carey},
	journal={IEEE Internet Computing},
	volume={5},
	number={6},
	pages={70--74},
	year={2001},
	publisher={IEEE}
},

@INPROCEEDINGS{grossglauser:2002:snmp,
	author = {Matthias Grossglauser and Jennifer Rexford},
	title = {Passive Traffic Measurement for IP Operations},
	booktitle = {IN THE INTERNET AS A LARGE-SCALE COMPLEX SYSTEM},
	year = {2002},
	pages = {2},
	publisher = {Oxford University Press},
    address={England}
},

@book{denton:2016:neutron,
	address = {Birmingham Mumbai},
	edition = {2 edition},
	title = {Learning {OpenStack} {Networking} ({Neutron}) - {Second} {Edition}},
	isbn = {978-1-78528-772-5},
	language = {English},
	publisher = {Packt Publishing - ebooks Account},
	author = {Denton, James},
	month = jan,
	year = {2016}
},

@article{kumar:2014:openstackarchitecture,
  title={Open source solution for cloud computing platform using OpenStack},
  author={Kumar, Rakesh and Gupta, Neha and Charu, Shilpi and Jain, Kanishk and Jangir, Sunil Kumar},
  journal={International Journal of Computer Science and Mobile Computing},
  volume={3},
  number={5},
  pages={89--98},
  year={2014}
},

@ARTICLE{jain:2013:virtualizationsurvey,
  author={R. Jain and S. Paul},
  journal={IEEE Communications Magazine},
  title={Network virtualization and software defined networking for cloud computing: a survey},
  year={2013},
  volume={51},
  number={11},
  pages={24-31},
  doi={10.1109/MCOM.2013.6658648},
  ISSN={0163-6804},
  month={November},
},

@INPROCEEDINGS{zhang:2007:mirrorport, 
  author={J. Zhang and A. Moore}, 
  booktitle={2007 Workshop on End-to-End Monitoring Techniques and Services}, 
  title={Traffic Trace Artifacts due to Monitoring Via Port Mirroring}, 
  year={2007}, 
  volume={}, 
  number={}, 
  pages={1-8}, 
  doi={10.1109/E2EMON.2007.375317}, 
  ISSN={}, 
  month={Yearly},
  address={{Munich, Germany}},
  publisher={IEEE}
},

@inproceedings{sharma:2015:hansel,
 author = {Sharma, Dhruv and Poddar, Rishabh and Mahajan, Kshiteej and Dhawan, Mohan and Mann, Vijay},
 title = {Hansel: Diagnosing Faults in openStack},
 booktitle = {Proceedings of the 11th ACM Conference on Emerging Networking Experiments and Technologies},
 series = {CoNEXT '15},
 year = {2015},
 isbn = {978-1-4503-3412-9},
 location = {Heidelberg, Germany},
 pages = {23:1--23:13},
 articleno = {23},
 numpages = {13},
 url = {http://doi.acm.org/10.1145/2716281.2836108},
 doi = {10.1145/2716281.2836108},
 acmid = {2836108},
 publisher = {ACM},
 address = {New York, NY, USA},
 keywords = {rest, rpc, network monitoring, openstack},
},

@article{paxson:1999:bro,
title = "Bro: a system for detecting network intruders in real-time",
journal = "Computer Networks",
volume = "31",
number = "23",
pages = "2435 - 2463",
year = "1999",
issn = "1389-1286",
doi = "https://doi.org/10.1016/S1389-1286(99)00112-7",
url = "http://www.sciencedirect.com/science/article/pii/S1389128699001127",
author = "Vern Paxson"
},

@article{sommers:2005:badabing,
 author = {Sommers, Joel and Barford, Paul and Duffield, Nick and Ron, Amos},
 title = {Improving Accuracy in End-to-end Packet Loss Measurement},
 journal = {SIGCOMM Comput. Commun. Rev.},
 issue_date = {October 2005},
 volume = {35},
 number = {4},
 month = aug,
 year = {2005},
 issn = {0146-4833},
 pages = {157--168},
 numpages = {12},
 url = {http://doi.acm.org/10.1145/1090191.1080111},
 doi = {10.1145/1090191.1080111},
 acmid = {1080111},
 publisher = {ACM},
 address = {New York, NY, USA},
},

@INPROCEEDINGS{nist:modeloreferencia,
  author={R. B. Bohn and J. Messina and F. Liu and J. Tong and J. Mao},
  booktitle={2011 IEEE World Congress on Services},
  title={NIST Cloud Computing Reference Architecture},
  year={2011},
  volume={},
  number={},
  pages={594-596},
  doi={10.1109/SERVICES.2011.105},
  ISSN={2378-3818},
  month={July},
  publisher = {CreateSpace Independent Publishing Platform},
  address = {USA},
},

@INPROCEEDINGS{nicodemus:2016:conteineres,
  author={Carlos H. Z. Nicodemus and Cristina Boeres and Vinod E. F. Rebello},
  booktitle={XVII Simpósio em Sistemas Computacionais de Alto Desempenho},
  title={Impacto do uso de contêineres em um serviço de nuvem {HTC}},
  year={2016},
  pages={146-157},
  publisher = {SBC},
  address = {Aracajú, Seará, Brazil},
},

@TECHREPORT{sflow:2003,
	title={Traffic Monitoring using sFlow},
	year={2003},
    publisher={sFlow.org},
    author={{sFlow Project}},
    url={http://www.sflow.org/sFlowOverview.pdf},
    address={{}},
},

@misc{redhat:components,
	title= {{OpenStack 11 Architecture Guide: Components}},
	url={https://access.redhat.com/documentation/en-us/red_hat_openstack_platform/11/html/architecture_guide/components},
	author={{Red Hat}},
	month={oct},
	year={2017}
},

@misc{openstack:nova,
	title= {{OpenStack Nova Administrator Guide}},
	url={https://docs.openstack.org/nova/pike/admin/index.html},
	author={{The OpenStack project}},
	month={oct},
	year={2017}
},

@misc{openstack:cinder,
	title= {{Cinder Installation Tutorial}},
	url={https://docs.openstack.org/cinder/pike/install/index.html},
	author={{The OpenStack project}},
	month={oct},
	year={2017}
},

@misc{openstack:swift,
	title= {{OpenStack Swift Administrator Guide}},
	url={https://docs.openstack.org/swift/pike/admin/index.html},
	author={{The OpenStack project}},
	month={oct},
	year={2017}
},

@misc{openstack:keystone,
	title= {{OpenStack Swift Administrator Guide}},
	url={https://docs.openstack.org/swift/pike/admin/index.html},
	author={{The OpenStack project}},
	month={oct},
	year={2017}
},

@misc{openstack:glance,
	title= {{OpenStack Glance Installation}},
	url={https://docs.openstack.org/glance/pike/install/index.html},
	author={{The OpenStack project}},
	month={oct},
	year={2017}
},

@misc{openstack:neutron,
	title= {{OpenStack Neutron Installation Guide}},
	url={https://docs.openstack.org/neutron/pike/install/index.html},
	author={{The OpenStack project}},
	month={oct},
	year={2017},
},

@misc{openstack:newton:api,
	title= {{OpenStack Newton API Documentation}},
	url={https://developer.openstack.org/api-guide/quick-start/},
	author={{The OpenStack project}},
	month={oct},
	year={2017},
},

@misc{openstack:amqp_nova,
	title= {{OpenStack Nova Documentation: AMQP}},
	url={https://docs.openstack.org/nova/latest/reference/rpc.html},
	author={{The OpenStack project}},
	month={oct},
	year={2017},
},

@misc{openstack:amqp_cinder,
	title= {{OpenStack Cinder Documentation: AMQP}},
	url={https://docs.openstack.org/cinder/latest/contributor/rpc.html},
	author={{The OpenStack project}},
	month={oct},
	year={2017},
},

@misc{openstack:nova_api_response,
	title= {{Compute (Nova) API}},
	url={https://developer.openstack.org/api-ref/compute/},
	author={{The OpenStack project}},
	month={oct},
	year={2017},
},

@INPROCEEDINGS{Jadeja:2012:clouddeliverymodels, 
	author={Y. Jadeja and K. Modi}, 
	booktitle={2012 International Conference on Computing, Electronics and Electrical Technologies (ICCEET)}, 
	title={Cloud computing - concepts, architecture and challenges}, 
	year={2012}, 
	pages={877-880}, 
	doi={10.1109/ICCEET.2012.6203873},
    address = {Kumaracoil, India},
    publisher={{IEEE}},
	month={March},
 },
 
@misc{openstack:networkguide,
   title= {{OpenStack Docs: Networking architecture}},
   url={https://docs.openstack.org/security-guide/networking/architecture.html},
   author={{The OpenStack project}},
   month={oct},
   year={2017},
 },
 
@article{jain:1984:fairnessIndex,
author = {Jain, Raj and Chiu, Dah Ming and WR, Hawe},
year = {1984},
month = {September},
pages = {},
publisher = {ACM},
title = {A Quantitative Measure Of Fairness And Discrimination For Resource Allocation In Shared Computer Systems},
volume = {cs.NI/9809099},
booktitle = {CoRR},
address= {Hudson, MA}
}