@article{Bergh,
    title = "Personnel scheduling: A literature review ",
    journal = "European Journal of Operational Research ",
    volume = "226",
    number = "3",
    pages = "367 - 385",
    year = "2013",
    note = "",
    issn = "0377-2217",
    doi = "http://dx.doi.org/10.1016/j.ejor.2012.11.029",
    author = "Jorne Van den Bergh and Jeroen Beliën and Philippe De Bruecker and Erik Demeulemeester and Liesje De Boeck",
    keywords = "Workforce",
    keywords = "Staffing",
    keywords = "Scheduling",
    keywords = "Literature review "
}

@article{karp1972,
    title={Reducibility among combinatorial problems},
    author={Karp, Richard M},
    booktitle={Complexity of computer computations},
    pages={85--103},
    year={1972},
    publisher={Springer}
}

@article{chvatal1979greedy,
    title={A greedy heuristic for the set-covering problem},
    author={Chvatal, Vasek},
    journal={Mathematics of operations research},
    volume={4},
    number={3},
    pages={233--235},
    year={1979},
    publisher={INFORMS}
}

@incollection{balas1980set,
    title={Set covering algorithms using cutting planes, heuristics, and subgradient optimization: a computational study},
    author={Balas, Egon and Ho, Andrew},
    booktitle={Combinatorial Optimization},
    pages={37--60},
    year={1980},
    publisher={Springer}
}

@article{beasley1992enhancing,
    title={Enhancing an algorithm for set covering problems},
    author={Beasley, John E and J{\"o}rnsten, Kurt},
    journal={European Journal of Operational Research},
    volume={58},
    number={2},
    pages={293--300},
    year={1992},
    publisher={Elsevier}
}

@article{beasley1987algorithm,
    title={An algorithm for set covering problem},
    author={Beasley, John E},
    journal={European Journal of Operational Research},
    volume={31},
    number={1},
    pages={85--93},
    year={1987},
    publisher={Elsevier}
}

@article{fisher1990optimal,
    title={Optimal solution of set covering/partitioning problems using dual heuristics},
    author={Fisher, Marshall L and Kedia, Pradeep},
    journal={Management science},
    volume={36},
    number={6},
    pages={674--688},
    year={1990},
    publisher={INFORMS}
}

@article{ceria1997,
    title={Set Covering Problem},
    author={Ceria, Sebasti{\'a}n and Nobili, Paolo and Sassano, Antonio},
    journal={Annotated Bibliographies in Combinatorial Optimization},
    pages={415--428},
    year={1997},
    publisher={Springer}
}

@article{caprara2000algorithms,
    title={Algorithms for the set covering problem},
    author={Caprara, Alberto and Toth, Paolo and Fischetti, Matteo},
    journal={Annals of Operations Research},
    volume={98},
    number={1-4},
    pages={353--371},
    year={2000},
    publisher={Springer}
}

@article{ernst2004staff,
    title={Staff scheduling and rostering: A review of applications, methods and models},
    author={Ernst, Andreas T and Jiang, Houyuan and Krishnamoorthy, Mohan and Sier, David},
    journal={European journal of operational research},
    volume={153},
    number={1},
    pages={3--27},
    year={2004},
    publisher={Elsevier}
}

@article{van2013personnel,
    title={Personnel scheduling: A literature review},
    author={Van den Bergh, Jorne and Beli{\"e}n, Jeroen and De Bruecker, Philippe and Demeulemeester, Erik and De Boeck, Liesje},
    journal={European Journal of Operational Research},
    volume={226},
    number={3},
    pages={367--385},
    year={2013},
    publisher={Elsevier}
}

@book{desaulniers2006column,
    title={Column generation},
    author={Desaulniers, Guy and Desrosiers, Jacques and Solomon, Marius M},
    volume={5},
    year={2006},
    publisher={Springer Science \& Business Media}
}

@article{barnhart1998branch,
    title={Branch-and-price: Column generation for solving huge integer programs},
    author={Barnhart, Cynthia and Johnson, Ellis L and Nemhauser, George L and Savelsbergh, Martin WP and Vance, Pamela H},
    journal={Operations research},
    volume={46},
    number={3},
    pages={316--329},
    year={1998},
    publisher={INFORMS}
}

@article{vance1993crew,
    title={Crew scheduling, cutting stock, and column generation: Solving huge integer programs},
    author={Vance, Pamela H},
    year={1993},
    publisher={Georgia Institute of Technology}
}

@article{doalgoritmos,
    title={Algoritmos gen{\'e}ticos aplicados ao problema de rodízio de tripula{\c{c}}{\~o}es},
    author={do Carmo Martins, Leandro and Silva, Gustavo Peixoto},
    year={2015},
    journal={Simp{\'o}sio Brasileiro de Pesquisa Operacional}
}

@article{de2016multi,
    title={A multi-start randomized heuristic for real-life crew rostering problems in airlines with work-balancing goals},
    author={de Armas, Jesica and Cadarso, Luis and Juan, Angel A and Faulin, Javier},
    journal={Annals of Operations Research},
    pages={1--24},
    year={2016},
    publisher={Springer}
}

@article{limlawan2014hybrid,
    title={A hybrid particle swarm optimization and an improved heuristic algorithm for an airline crew rostering problem},
    author={Limlawan, Varis and Kasemsontitum, Boontariga and Jeenanunta, Chawalit},
    journal={SCIENCEASIA},
    volume={40},
    number={6},
    pages={456--462},
    year={2014},
    publisher={THAILANDS NATL SCIENCE \& TECHNOLOGY DEVELOPMENT AGENCY PUBLIC INFORMATION DEPT, 73/1 RAMA VI RD, RAJDHEVEE, BANGKOK, 00000, THAILAND}
}

@article{hanafi2014hybrid,
    title={A hybrid constructive heuristic and simulated annealing for railway crew scheduling},
    author={Hanafi, Rosmalina and Kozan, Erhan},
    journal={Computers \& Industrial Engineering},
    volume={70},
    pages={11--19},
    year={2014},
    publisher={Elsevier}
}

@article{deng2011ant,
    title={Ant colony optimization-based algorithm for airline crew scheduling problem},
    author={Deng, Guang-Feng and Lin, Woo-Tsong},
    journal={Expert Systems with Applications},
    volume={38},
    number={5},
    pages={5787--5793},
    year={2011},
    publisher={Elsevier}
}

@phdthesis{de2011algoritmo,
    title={UM ALGORITMO H{\'I}BRIDO PARA A SOLU{\c{C}}{\~A}O DE PROBLEMAS DE ESCALA DE MOTORISTAS},
    author={de Freitas, Alan},
    year={2011},
    school={Universidade Federal do Rio de Janeiro}
}

@phdthesis{dos2008metodo,
    title={M{\'e}todo de Gera{\c{c}}{\~a}o de Colunas e Meta-heur{\'\i}sticas para Aloca{\c{c}}{\~a}o de Tripula{\c{c}}{\~a}o},
    author={dos Santos, Andr{\'e} Gustavo},
    year={2008},
    school={Universidade Federal de Minas Gerais}
}

@article{nemhauser1988integer,
    title={Integer programming and combinatorial optimization},
    author={Nemhauser, George L and Wolsey, Laurence A},
    journal={Wiley, Chichester. GL Nemhauser, MWP Savelsbergh, GS Sigismondi (1992). Constraint Classification for Mixed Integer Programming Formulations. COAL Bulletin},
    volume={20},
    pages={8--12},
    year={1988},
    publisher={Springer}
}

@article{garfinkel1969set,
    title={The set-partitioning problem: set covering with equality constraints},
    author={Garfinkel, Robert S and Nemhauser, George L},
    journal={Operations Research},
    volume={17},
    number={5},
    pages={848--856},
    year={1969},
    publisher={INFORMS}
}

@book{garey1979computers,
    title={Computers and Intractability: A Guide to the Theory of NP-completeness},
    author={Garey, M.R. and Johnson, D.S.},
    isbn={9780716710448},
    lccn={lc78012361},
    series={Books in mathematical series},
    url={https://books.google.com.br/books?id=fjxGAQAAIAAJ},
    year={1979},
    publisher={W. H. Freeman}
}

@article{hassin1992approximation,
    title={Approximation schemes for the restricted shortest path problem},
    author={Hassin, Refael},
    journal={Mathematics of Operations research},
    volume={17},
    number={1},
    pages={36--42},
    year={1992},
    publisher={INFORMS}
}

@article{dumitrescu2003improved,
    title={Improved preprocessing, labeling and scaling algorithms for the weight-constrained shortest path problem},
    author={Dumitrescu, Irina and Boland, Natashia},
    journal={Networks},
    volume={42},
    number={3},
    pages={135--153},
    year={2003}
}

@article{handler1980dual,
    title={A dual algorithm for the constrained shortest path problem},
    author={Handler, Gabriel Y and Zang, Israel},
    journal={Networks},
    volume={10},
    number={4},
    pages={293--309},
    year={1980},
    publisher={Wiley Online Library}
}

@article{beasley1989algorithm,
    title={An algorithm for the resource constrained shortest path problem},
    author={Beasley, John E and Christofides, Nicos},
    journal={Networks},
    volume={19},
    number={4},
    pages={379--394},
    year={1989},
    publisher={Wiley Online Library}
}

@article{lubbecke2005selected,
    title={Selected topics in column generation},
    author={L{\"u}bbecke, Marco E and Desrosiers, Jacques},
    journal={Operations Research},
    volume={53},
    number={6},
    pages={1007--1023},
    year={2005},
    publisher={INFORMS}
}

@book{dantzig1990origins,
    title={Origins of the simplex method},
    author={Dantzig, George B},
    year={1990},
    publisher={ACM}
}

@Article{Grotschel1981,
    author="Gr{\"o}tschel, M.
        and Lov{\'a}sz, L.
        and Schrijver, A.",
    title="The ellipsoid method and its consequences in combinatorial optimization",
    journal="Combinatorica",
    year="1981",
    volume="1",
    number="2",
    pages="169--197",
    issn="1439-6912",
    doi="10.1007/BF02579273",
    url="http://dx.doi.org/10.1007/BF02579273"
}

@article{khachian,
    author="L.G. Khachiyan",
    title="'A polynomial Algorithm in Linear Programming",
    journal="Soviet Mathematics",
    year="1979",
    pages="191-194"
}

@techreport{klee1972good,
    title={How good is the simplex algorithm?},
    author={Klee, Victor and Minty, George J},
    year={1972},
    institution={DTIC Document},
    journal="Inequalities III",
    publisher="Academic Press",
    pages="159-175"
}

@inproceedings{karmarkar1984new,
    title={A new polynomial-time algorithm for linear programming},
    author={Karmarkar, Narendra},
    booktitle={Proceedings of the sixteenth annual ACM symposium on Theory of computing},
    pages={302--311},
    year={1984},
    organization={ACM}
}

@article{maculan2006otimizaccao,
    title={Otimiza{\c{c}}{\~a}o linear},
    author={Maculan, Nelson and Fampa, Marcia H Costa},
    journal={Editora Universidade de Brasilia: Brasilia},
    year={2006}
}

@article{papadimitriou1981complexity,
    title={On the complexity of integer programming},
    author={Papadimitriou, Christos H},
    journal={Journal of the ACM (JACM)},
    volume={28},
    number={4},
    pages={765--768},
    year={1981},
    publisher={ACM}
}

@article{garey1978strong,
    title={``Strong''NP-Completeness Results: Motivation, Examples, and Implications},
    author={Garey, Michael R and Johnson, David S},
    journal={Journal of the ACM (JACM)},
    volume={25},
    number={3},
    pages={499--508},
    year={1978},
    publisher={ACM}
}

@article{laporte1992traveling,
    title={The traveling salesman problem: An overview of exact and approximate algorithms},
    author={Laporte, Gilbert},
    journal={European Journal of Operational Research},
    volume={59},
    number={2},
    pages={231--247},
    year={1992},
    publisher={Elsevier}
}
