../tcc/4_pos_texto/bibliografia.bib