@INPROCEEDINGS{1417630,
author={Gao Huang and Meng Ye and Long Cheng},
booktitle={IEEE Global Telecommunications Conference Workshops, 2004. GlobeCom Workshops 2004.},
title={Modeling system performance in MMORPG},
year={2004},
volume={},
number={},
pages={512-518},
keywords={computer games;network servers;resource allocation;traffic;first personal shooter;game server performance in;load balancing;massive multiplayer online role play game;network traffic modeling;player-related distribution pattern;Internet;Load management;Measurement;Network servers;Pattern analysis;Round robin;System performance;Telecommunication traffic;Traffic control;Web server},
doi={10.1109/GLOCOMW.2004.1417630},
ISSN={},
month={Nov},}

%%%%%%%%%%%%%%%%%%%%%%%%%%%%%%%%%%%%%%%%%%%%%%%%%%%%%%%%%%%%%%%%%%%%%%%%%%%%%%%%%%%%%%%%%%%

@ONLINE {stephenclarkewillson2017,
    author = "Stephen Clarke Willson",
    title  = "Guild Wars  Microservices and 24/7 Uptime",
    year   = "2017",
    url    = "http://twvideo01.ubm-us.net/o1/vault/gdc2017/Presentations/Clarke-Willson\_Guild Wars 2 microservices.pdf"
}

@ONLINE {albion_online_unite,
    author = "David Salz",
    title  = "Albion Online - A Cross-Platform MMO (Unite Europe 2016, Amsterdam)",
    year   = "2016",
    url    = "https://www.slideshare.net/davidsalz54/albion-online-a-crossplatform-mmo-unite-europe-2016-amsterdam"
}

@INPROCEEDINGS{4553340,
  author={D. Martin and A. v. Moorsel and G. Morgan},
  booktitle={2008 11th IEEE International Symposium on Object and Component-Oriented Real-Time Distributed Computing (ISORC)},
  title={Efficient Resource Management for Game Server Hosting},
  year={2008},
  volume={},
  number={},
  pages={593-596},
  keywords={computer games;network servers;resource allocation;game server hosting;resource allocation problem;resource management;Availability;Computer networks;Costs;Distributed computing;File servers;Network servers;Quality of service;Resource management;Scalability;Web server},
  doi={10.1109/ISORC.2008.12},
  ISSN={1555-0885},
  month={May}
}


@book{tsr1980dungeons,
  title={Dungeons and Dragons: Players Handbook},
  author={TSR and Gygax, G.},
  isbn={9780880381048},
  url={https://books.google.com.br/books?id=C79xAAAACAAJ},
  year={1980},
  publisher={T S R, Incorporated}
}

@misc {statista_2016,
    author = "Statista",
    title  = "Statistics and Facts on MMO/MMORPG gaming",
    year   = "2016",
    url    = "https://www.statista.com/topics/2290/mmo-gaming/",
    note = "Acessado em: 19/01/2018"
}

@misc {runescape_online_users,
  author = "Jajex",
  title  = "RuneScape Online Community",
  year   = "2018",
  url    = "http://www.runescape.com/community",
  note = "Acessado em: 01/02/2018 ás 01:05"
}

@misc {statista_2018,
    author = "Statista",
    title  = "Games market revenue worldwide in 2015, 2016 and 2018, by segment and screen (in billion U.S. dollars)",
    year   = "2017",
    url    = "https://www.statista.com/statistics/278181/video-games-revenue-worldwide-from-2012-to-2015-by-source/",
    note = "Acessado em: 19/01/2018"
}

@misc {video_game_technologies,
    author = {Philip Hanna},
    title = "Video Game Technologies",
    url    = "https://www.di.ubi.pt/~agomes/tjv/teoricas/01-genres.pdf",
    note = {Acessado em: 19/01/2018}
}

@ONLINE {new_york_times,
    author = "N. Bilton",
    title  = "Search Bits   SEARCH Video Game Industry Continues Major Growth, Gartner Says",
    year   = "2011",
    url    = "https://bits.blogs.nytimes.com/2011/07/05/video-game-industry-continues-major-growth-gartner-says/",
    note = {Acessado em: 19/01/2018}
}

@ARTICLE {cloud_fog,
    author   = "Yuhua Lin,  Haiying Shen",
    title    = "CloudFog: Leveraging Fog to Extend Cloud Gaming for Thin-Client MMOG with High Quality of Service",
    journal  = "IEEE Transactions on Parallel and Distributed Systems",
    year     = "2017",
    volume   = "28",
    number   = "2",
    pages    = "431 - 445",
    month    = "jul",
    crossref = "cloud_fog"
}

@ARTICLE {load_balance,
    author   = "Carlos Eduardo Bezerra,  Cláudio Fernando Geyer",
    title    = "A load balancing scheme for massively multiplayer online games",
    journal  = "Multimedia Tools and Applications",
    year     = "2009",
    volume   = "45",
    number   = "1-3",
    pages    = "263 - 289",
    month    = "oct",
    crossref = "load_balance"
}

@ARTICLE {kd_tree,
    author   = "Carlos Eduardo B. Bezerra, João L. D. Comba, Cláudio F. R. Geyer",
    title    = "A load balancing scheme for massively multiplayer online games",
    journal  = "Computers in Entertainment (CIE) - Theoretical and Practical Computer Applications in Entertainment",
    year     = "2012",
    volume   = "10",
    number   = "1",
    month    = "oct",
    crossref = "load_balance",
    note     = "Artigo No. 5"
}


@ONLINE {escalabilidade_horizontal,
    author = "Locaweb",
    title  = "Performance vs Escalabilidade",
    year   = "2009",
    url    = "http://blog.locaweb.com.br/artigos/tecnologia/performance-vs-escalabilidade/",
    note = {Acessado em: 24/01/2018}
}

@INPROCEEDINGS{system_performance,
  author={Gao Huang and Meng Ye and Long Cheng},
  booktitle={IEEE Global Telecommunications Conference Workshops, 2004. GlobeCom Workshops 2004.},
  title={Modeling system performance in MMORPG},
  year={2004},
  volume={},
  number={},
  pages={512-518},
  keywords={computer games;network servers;resource allocation;traffic;first personal shooter;game server performance in;load balancing;massive multiplayer online role play game;network traffic modeling;player-related distribution pattern;Internet;Load management;Measurement;Network servers;Pattern analysis;Round robin;System performance;Telecommunication traffic;Traffic control;Web server},
  doi={10.1109/GLOCOMW.2004.1417630},
  ISSN={},
  month={Nov}
}

@INPROCEEDINGS {mmo_analytic,
  author={J. Y. Kim and J. R. Kim and C. J. Park},
  booktitle={2008 10th International Conference on Advanced Communication Technology},
  title={Methodology for Verifying the load limit point and bottle-neck of a game server using the large scale virtual clients},
  year={2008},
  volume={1},
  number={},
  pages={382-386},
  keywords={client-server systems;computer games;network servers;software agents;agent based load testing architecture;bottle-neck;game server;large scale virtual clients;load limit point;Application software;Computational modeling;Computer industry;Discrete event simulation;Large-scale systems;Network servers;Pervasive computing;Stability;System testing;Virtual environment;Load test;load limit;server performance;virtual client},
  doi={10.1109/ICACT.2008.4493783},
  ISSN={1738-9445},
  month={Feb}
}
