@article{Bergh,
    title = "Personnel scheduling: A literature review ",
    journal = "European Journal of Operational Research ",
    volume = "226",
    number = "3",
    pages = "367 - 385",
    year = "2013",
    note = "",
    issn = "0377-2217",
    doi = "http://dx.doi.org/10.1016/j.ejor.2012.11.029",
    url = "http://www.sciencedirect.com/science/article/pii/S0377221712008776",
    author = "Jorne Van den Bergh and Jeroen BeliÃ«n and Philippe De Bruecker and Erik Demeulemeester and Liesje De Boeck",
    keywords = "Workforce",
    keywords = "Staffing",
    keywords = "Scheduling",
    keywords = "Literature review "
}
